@misc{wiki_us,
  author = {Wikipedia},
  year = {2023},
  title = {Upsampling, \url{https://en.wikipedia.org/wiki/Upsampling}},
}

@misc{wiki_ai,
  author = {Wikipedia},
  year = {2023},
  title = {Sampling (signal processing), \url{https://en.wikipedia.org/wiki/Sampling_(signal_processing)}},
}

@misc{wiki_rmsd,
  author = {Wikipedia},
  year = {2023},
  title = {Root-mean-square deviation, \url{https://en.wikipedia.org/wiki/Root-mean-square_deviation}},
}

@misc{yiruma,
  author = {Universal Music Studio},
  year = {September 24, 2021},
  title = {Solo, \url{https://www.prostudiomasters.com/album/page/104572}},
}

@book{sampleRates,
    author = "Jeffrey Hass" ,
    title = "Introduction to Computer Music. \url{https://cmtext.indiana.edu/digital_audio/chapter5_rate.php}",
    publisher = "Indiana University",
    year = 2023
}

